<record><leader>00000cas a2200000 a 4500</leader><controlfield tag="001">12703472</controlfield><controlfield tag="008">851022d18831896ksuwr ne      0    0eng d</controlfield><datafield ind1=" " ind2=" " tag="010"><subfield code="a">sn 85030851 </subfield></datafield><datafield ind1=" " ind2=" " tag="040"><subfield code="a">KSH</subfield><subfield code="b">eng</subfield><subfield code="c">KSH</subfield><subfield code="d">NPT</subfield><subfield code="d">OCL</subfield><subfield code="d">OCLCQ</subfield></datafield><datafield ind1=" " ind2=" " tag="042"><subfield code="a">msc</subfield></datafield><datafield ind1="0" ind2="0" tag="245"><subfield code="a">Sumner County standard.</subfield></datafield><datafield ind1=" " ind2=" " tag="260"><subfield code="a">Wellington, Kan. :</subfield><subfield code="b">Young &amp; Cunningham,</subfield><subfield code="c">-1896.</subfield></datafield><datafield ind1=" " ind2=" " tag="300"><subfield code="a">v. :</subfield><subfield code="b">ill. (chiefly advertisements) ;</subfield><subfield code="c">64 cm.</subfield></datafield><datafield ind1=" " ind2=" " tag="310"><subfield code="a">Weekly</subfield></datafield><datafield ind1="0" ind2=" " tag="362"><subfield code="a">-v. 13, no. 14 (Feb. 27, 1896).</subfield></datafield><datafield ind1="1" ind2=" " tag="362"><subfield code="a">Began in 1883.</subfield><subfield code="z">Cf. Rowell, 1886.</subfield></datafield><datafield ind1=" " ind2=" " tag="500"><subfield code="a">Publisher varies.</subfield></datafield><datafield ind1=" " ind2=" " tag="500"><subfield code="a">Democratic.</subfield></datafield><datafield ind1=" " ind2=" " tag="580"><subfield code="a">Issued also in daily editions called: Wellington daily standard (Wellington, Kan. : 1887) June 7-Dec. 13, 1887; Daily standard (Wellington, Kan.) Dec. 14, 1887-Aug. 24, 1889.</subfield></datafield><datafield ind1=" " ind2=" " tag="588"><subfield code="a">Description based on: Vol. 1, no. 46 (Sept. 27, 1884).</subfield></datafield><datafield ind1=" " ind2=" " tag="752"><subfield code="a">United States</subfield><subfield code="b">Kansas</subfield><subfield code="c">Sumner</subfield><subfield code="d">Wellington.</subfield></datafield><datafield ind1="1" ind2=" " tag="775"><subfield code="t">Wellington daily standard (Wellington, Kan. : 1887)</subfield><subfield code="w">(DLC)sn 85030849</subfield></datafield><datafield ind1="1" ind2=" " tag="775"><subfield code="t">Daily standard (Wellington, Kan.)</subfield><subfield code="w">(DLC)sn 85030850</subfield></datafield><datafield ind1="0" ind2="5" tag="780"><subfield code="t">Daily standard (Wellington, Kan.)</subfield><subfield code="g">Aug. 29, 1889</subfield><subfield code="w">(DLC)sn 85030850</subfield></datafield><datafield ind1="0" ind2="4" tag="785"><subfield code="t">Monitor-press</subfield><subfield code="w">(DLC)sn 85032802</subfield></datafield><datafield ind1="1" ind2=" " tag="029"><subfield code="a">AU@</subfield><subfield code="b">000022173155</subfield></datafield></record>